@unpublished{Hale81,
  title = {On the position of {W}arlpiri in the typology of the base},
  author = {Hale, Kenneth},
  year = 1981,
  note = {Distributed by Indiana University Linguistics Club, Bloomington}
}

@article{Oep:Fli:98,
  author = {Stephan Oepen and Daniel P. Flickinger},
  title = {Towards Systematic Grammar Profiling.
           {T}est Suite Technology Ten Years After},
  editor = {Robert Gaizauskas},
  journal = {Journal of Computer Speech and Language},
  volume = {12 (4) (Special Issue on Evaluation)},
  year = 1998,
  pages = {411$\,$--$\,$436}
}

@techreport{Oepen:01,
  author =  {Stephan Oepen},
  title =  {{\sf \lbrack incr tsdb()\rbrack} --- 
            {C}ompetence and Performance Laboratory. {U}ser Manual},
  institution = COLI,
  type = {Technical Report},
  address = {Saarbr{\"u}cken, Germany},
  year = 2001,
}

@inproceedings{Oep:Ben:Cal:Fli:Sie:02,
  author = {Oepen, Stephan and Bender, Emily M. and Callmeier, Ulrich
            and Flickinger, Dan and Siegel, Melanie},
  title = {Parallel Distributed Grammar Engineering for Practical Applications},
  booktitle = {Proceedings of the Workshop on Grammar Engineering and
               Evaluation, COLING 2002},
  year = 2002
}

@book{Oep:Fli:Tsu:02,
  title = {Collaborative Language Engineering.
           {A} Case Study in Efficient Grammar-based Processing},
  editor = {Stephan Oepen and Daniel Flickinger and J. Tsujii
            and Hans Uszkoreit},
  publisher = {CSLI},
  address = {Stanford},
  year = 2002,
}

@inproceedings{Ben:Fli:Oep:02,
  author = {Bender, Emily M. and Flickinger, Dan and Oepen, Stephan},
  title = {The Grammar Matrix: An Open-Source Starter-Kit for the Rapid Development
           of Cross-Linguistically Consistent Broad-Coverage Precision Grammars},
  booktitle = {Proceedings of the Workshop on Grammar Engineering and
               Evaluation at the 19th International Conference on
               Computational Linguistics},
  pages = {8--14},
  year = {2002}
}

@book{Ben:Sag:Was:03,
  author = {Bender, Emily M. and Sag, Ivan A. and Wasow, Thomas},
  title = {Instructor's Manual for {\em Syntactic Theory: A Formal
           Introduction}},
  publisher = {CSLI},
  address = {Stanford},
  URL = {http://hpsg.stanford.edu/book/},
  year = 2003
}
				  
@inproceedings{Ben:Fli:05,
  author = {Bender, Emily M. and Flickinger, Dan},
  title = {Rapid Prototyping of Scalable Grammars: Towards Modularity in Extensions to a Language-Independent Core},
  booktitle = {Proceedings of the 2nd International Joint Conference on Natural Language Processing IJCNLP-05 (Posters/Demos)},
  address = {Jeju Island, Korea},
  year = 2005
}

@inproceedings{Fli:Ben:03,
  author = {Flickinger, Dan and Bender, Emily M.},
  title = {Compositional Semantics in a Multilingual Grammar Resource},
  booktitle = {Proceedings of the Workshop on Ideas and Strategies
               for Multilingual Grammar Devel, ESSLLI 2003opment},
  editor = {Bender, Emily M. and Flickinger, Dan and Fouvry, Frederik
            and Siegel, Melanie},
  pages = {33--42},
  address = {Vienna, Austria},
  year = 2003
}

@book{Pol:Sag:94,
  author = {Carl Pollard and Ivan A. Sag},
  title = {{H}ead-{D}riven {P}hrase {S}tructure {G}rammar},
  year = 1994,
  publisher = {The University of Chicago Press},
  series = {Studies in Contemporary Linguistics},
}

@article{Cop:Fli:Pol:Sag:05,
  author = {Copestake, Ann and Flickinger, Dan  and Pollard, Carl and Sag, Ivan A.},
  title = {Minimal Recursion Semantics: An Introduction},
  journal = {Research on Language \& Computation},
  volume = {3},
  number = {2--3},
  pages = {281--332},
  year = {2005}
}

@book{Sag:Was:Ben:03,
  author = {Sag, Ivan A. and Wasow, Thomas and Bender, Emily M.},
  title = {Syntactic Theory: A Formal Introduction},
  publisher = {CSLI},
  address = {Stanford},
  year = {2003},
  edition = {Second}
}
				  
@book{Copestake02,
  author = {Copestake, Ann},
  title = {Implementing Typed Feature Structure Grammars},
  year = {2002},
  publisher = {CSLI},
  address = {Stanford},
}
		  
@inproceedings{Hel:Hau:03,
  author = {Hellan, Lars and Haugereid, Petter},
  title = {NorSource: An Exercise in Matrix Grammar-Building Design},
  booktitle = {Proceedings of the Workshop on Ideas and Strategies for
                Multilingual Grammar Development, ESSLLI 2003},
  pages = {41--48},
  year = 2003
}

@incollection{Kor:Neu:05,
  author = {Kordoni, Valia and Neu, Julia},
  title = {Deep Analysis of {M}odern {G}reek},
  booktitle = {Lecture Notes in Computer Science},
  editor = {Su, Keh-Yih and Tsujii, Jun'ichi and Lee, Jong-Hyeok},
  volume = {3248},
  year = 2005,
  pages = {674--683},
  address = {Berlin},
  publisher = {Springer-Verlag}
}

@InProceedings{Dre:Ben:05,
  author	= {Scott Drellishak and Emily M. Bender},
  title		= {A Coordination Module for a Crosslinguistic Grammar
		  Resource},
  booktitle	= {The Proceedings of HPSG 2005},
  editor	= {Stefan M{\"u}ller},
  address	= {Stanford},
  publisher	= {CSLI},
  pages		= {108--128},
  year		= {2005}
}

@InCollection{But:Kin:03,
  author = {Butt, Miriam and King, Tracy Holloway},
  title = {Grammar Writing, Testing, and Evaluation},
  booktitle = {Handbook for Language Engineers},
  editr = {Farghaly, Ali},
  pages = {129--179},
  year = 2003,
  publisher = {CSLI},
  address = {Stanford}
}

@InProceedings{Kin:Ram:03,
  author = {Kinyon, Alexandra and Rambow, Owen},
  title = {The MetaGrammar: A Cross-Framework and Cross-Language Test-Suite Generation Tool},
  booktitle = {Proceedings of the 4th International Workshop on Linguistically Interpreted Corpora},
  address = {Budapest},
  year = 2003
}

@InProceedings{Kin:Ram:Sch:Yoo:Jos:06,
  author = {Kinyon, Alexandra and  Rambow, Owen and  Scheffler, Tatjana and  Yoon, SinWon and Joshi, Aravind K.}, 
  year = 2006,
  title = {The Metagrammar Goes Multilingual: A Cross-Linguistic Look at the {V}2-Phenomenon},
  booktitle = {In Proceedings of the Eighth International Workshop on Tree Adjoining Grammar and Related Formalisms (TAG+8)},
  address = {Sydney, Australia}
}