@string{ACL:01 = {Proceedings of the 39th {M}eeting of the 
                  {A}ssociation for {C}omputational {L}inguistics}}

@string{COLING:02 = {Proceedings of the 19th {I}nternational {C}onference on 
                     {C}omputational {L}inguistics}}


@article{Ben:Fli:Oe:02,
  author = {Emily~M. Bender and Dan Flickinger and Stephan Oepen},
  title = {The Grammar Matrix: An open-source starter-kit for the rapid development of cross-linguistically consistent broad-coverage precision grammars},
  journal = {Proceedings of COLING 2002 Workshop on Grammar Engineering and Evaluation},
  address = {Taipei, Taiwan},
  year = 2002
}

@book{Copestake:02,
  title = {Implementing Typed Feature Structure Grammars},
  author = {Ann Copestake}, 
  publisher = {CSLI Publications},
  address = {Stanford, CA},
  year = 2002
}

@inproceedings{Cop:Las:Fli:01,
  author = {Ann Copestake and Alex Lascarides and Dan Flickinger},
  title = {An Algebra for Semantic Construction in Constraint-based Grammars},
  booktitle = ACL:01,
  address = {Toulouse, France},
  year = 2001
}

@article{Flickinger:00,
  author = {Dan Flickinger},
  title = {On Building a More Efficient Grammar by Exploiting Types},
  journal = {Natural Language Engineering},
  editor = {Flickinger, Dan and Oepen, Stephan and 
            Tsujii, J. and Uszkoreit, Hans},
  volume = {6 (1) ({S}pecial Issue on Efficient Processing with {HPSG})},
  pages = {15$\,$--$\,$28},
  year = 2000
}

@incollection{Mue:Kap:00,
  author = {Stefan M{\"u}ller and Walter Kasper},
  title = {Verbmobil.  {F}oundations of Speech-to-Speech Translation},
  chapter = {{HPSG} Analysis of {G}erman},
  publisher = {Springer},
  address = {Berlin, Germany},
  year = 2000,
  editor = {Wolfgang Wahlster},
  edition = {{AI}},
  pages = {238$\,$--$\,$253}
}

@inproceedings{Siegel:Bender:02,
  author = {Melanie Siegel and Emily M. Bender},
  title = {Efficient Deep Processing of {J}apanese},
  booktitle = COLING:02,
  address = {Taipei, Taiwan},
  year = 2002
}

@incollection{Siegel:00,
  author = {Siegel, Melanie},
  title = {Verbmobil.  {F}oundations of Speech-to-Speech Translation},
  chapter = {{HPSG} Analysis of {J}apanese},
  publisher = {Springer},
  address = {Berlin, Germany},
  year = 2000,
  editor = {Wolfgang Wahlster},
  edition = {Artificial Intelligence},
  pages = {265$\,$--$\,$280}
}

